@article{madhulatha2012overview,
  title={An overview on clustering methods},
  author={Madhulatha, T Soni},
  journal={arXiv preprint arXiv:1205.1117},
  year={2012}
}
@article{noname08,
  title={Web Content Accessibility Guidelines (WCAG) 2.0},
  author={Caldwell, Ben and Cooper, Michael and Reid, Lauren Guarino and Vanderheiden, Greg},
  publisher={W3C},
  year={2008}
}
@article{benway99,
  title={Banner Blindness: What Searching Users Notice and Do Not Notice on the World Wide Web},
  author={Benway, Jan Panero},
  year={1999}
}
@article{woodward2022,
  title={"It Would Be Cool to Get Stampeded by Dinosaurs": Analyzing Children’s Conceptual Model of AR Headsets Through Co-Design},
  author={Woodward, Julia and Alemu, Feben and Anthony, Lisa and López Adames, Natalia E.},
  journal={Systems CHI '22},
  year={2022},
}
@article{mao2005,
  title={The State of User-Centered Design Practice},
  author={Mao, Ji-Ye and Vrendenburg, Karel and Smith, Paul W. and Carey, Tom},
  journal={Communications of the ACM},
  year={2005},
  volume = {48},
  number = {3},
}
@article{@ma2022,
  title={Glancee: An Adaptable System for Instructors to Grasp Student Learning Status in Synchronous Online Classes},
  author={Ma, Shuai and Zhou, Taichang and Ma, Xiaojuan},
  journal={CHI '22'},
  year={2022},
}

@article{chavez19,
  title={Exploring Bias in Student Evaluations: Gender, Race, and Ethnicity},
  author= {Chávez, Kerry and Mitchell, Kristina M.W.},
  journal = {PS: Political Science and Politics},
  year={2019},
  volume = {53},
  number = {2},
}
@article{brown15,
  title={The Impact of Professor Reputation and Section Attributes on Student Course Selection},
  author= {Brown, Christopher L. and Kosovich, Stephen M.},
  journal = {Research in Higher Education},
  year={2015},
  volume = {56},
  pages = {496-509},
}
@article{gregory12,
  title={How Undergraduates Perceive Their Professors: A Corpus Analysis Of Rate My Professor},
  author= {Gregory, Karen M.},
  journal = {Educational Technology Systems},
  year={2012},
  volume = {40},
  number = {2},
  pages = {169-193},
}
@article{dickey2022accessibility,
  title={Accessibility, Usability, Inclusivity: Information Standards, Guidelines, \& Best Practices Sponsored by the ASIS \&T Standards Committee},
  author={Dickey, Timothy J and Dobreski, Brian and Hlava, Marjorie and Needleman, Mark and Xie, Iris and Zeng, Marcia L},
  journal={Proceedings of the Association for Information Science and Technology},
  volume={59},
  number={1},
  pages={561--564},
  year={2022},
  publisher={Wiley Online Library}
}

@article{shin2022,
author = {Donghee Shin, Kerk F. Kee, Emily Y. Shin},
title = {Algorithm awareness: Why user awareness is critical for personal privacy in the adoption of algorithmic platforms?},
journal = {International Journal of Information Management},
volume = {65},
year = {2022}
}

@article{ellis1984,
author = {Ellis, Lee},
title = {The Effects of Anonymity on Student Ratings of College Teaching and Course Quality},
journal = {Journal of Instructional Psychology},
volume = {11},
number = {4},
year = {1984}
}

@article{dubrovina23,
author = {Dubrovina, Elizaveta},
title = {Biased teaching evaluations},
year = {2023},
journal = {Nature Physics},
volume = {19},
number = {151}
}

@article{chae17,
author = {Su Jin Chae, et al},
year = {2017},
title = {Potential bias factors that affect the course evaluation of students in preclinical courses},
journal = {Korean journal of medical education},
volume = {29},
number ={2},
pages = {73--80}
}

@article{yadav15,
  author={Yadav, Shashank H. and Manwatkar, Pratik M.},
  booktitle={2015 International Conference on Innovations in Information, Embedded and Communication Systems (ICIIECS)}, 
  title={An approach for offensive text detection and prevention in Social Networks}, 
  year={2015},
  volume={},
  number={},
  pages={1-4},
  doi={10.1109/ICIIECS.2015.7193018}}

@article{fale22,
title = {Textual Filter for Detecting \& Preventing Offensive Content in Social Networks for English Words},
author = {Pradeep N. Fale and Krishan Kumar Goyal},
year = {2022},
journal = {Proceedings of the International Conference on Innovative Computing & Communication (ICICC)},
pages = {1-6}
}
@article{yu16,
  author={Yu, Weider D. and Gole, Maithili and Prabhuswamy, Nishanth and Prakash, Sowmya and Shankaramurthy, Vidya Gowdru},
  booktitle={2016 IEEE International Conference on Services Computing (SCC)}, 
  title={An Approach to Design and Analyze the Framework for Preventing Cyberbullying}, 
  year={2016},
  volume={},
  number={},
  pages={864-867},
  doi={10.1109/SCC.2016.125}}

@article{barker19,
author = { Barker, Kim, and Olga Jurasz},
title = {ONLINE MISOGYNY: A CHALLENGE FOR DIGITAL FEMINISM?},
journal = {Journal of International Affairs},
volume = {72},
number = {2},
year = {2019},
pages = {95-114}
}

@article{mishra19,
  title={Tackling online abuse: A survey of automated abuse detection methods},
  author={Mishra, Pushkar and Yannakoudakis, Helen and Shutova, Ekaterina},
  journal={arXiv preprint arXiv:1908.06024},
  year={2019}
}

@article{keller18,
  title={Internet platforms: Observations on speech, danger, and money},
  author={Keller, Daphne},
  journal={Hoover Institution's Aegis Paper Series},
  number={1807},
  year={2018}
}